@book{Appel, 
	author={Appel, Andrew W},
	title ={Modern Compiler Implementation in ML},
	publisher={Cambridge UP},
	year=1998
}

@online{DonnellyandStallman, 
	author={Donnelly Charles and Richard Stallman},
	title={Bison The YACC-compatible Parser Generator},
	year=1995,
	url = {http://dinosaur.compilertools.net/bison/index.html},
	urldate={2015-09-26}
}

@online{UnderstandingBison,
 author={Popuri Satya K.},
 title={Understanding C Parsers Generated by GNU Bison},
 url = {https://www.cs.uic.edu/~spopuri/cparser.html },
 urldate={2016-02-17}
}
 
@online{iBison,
 author={Popuri Satya K.},
 title={Interactive Mode Bison},
 url={https://www.cs.uic.edu/~spopuri/ibison.html},
 urldate={2016-02-17}

}

@online{Bidwell, 
	author={Bidwell Daniel R.},
	title={History of Parsing Methods},
	url={https://www.andrews.edu/~bidwell/456/history.html},
	urldate={2016-02-17}	
}

@online{BisonAlgorithm,
	author={Donnelly Charles and Richard Stallman},
	title={The Bison Parser Algorithm, Bison 1.25},
	url={http://dinosaur.compilertools.net/bison/bison_8.html},
	urldate={2016-02-17}
}

@online {BrayTim, 
	author={Bray Tim},
	title={The JavaScript Object Notation (JSON) Data Interchange Format},
	urldate={2015-10-07},
	url={http://rfc7159.net/rfc7159}
}

@online{LRWiki, 
	title={LR Parser Wikipedia. Wikimedia Foundation},
	urldate={2015-03-28},
	url={https://en.wikipedia.org/wiki/LR_parser}
}


@online{BNF,
	author={Garshol Lars},
	title={BNF and EBNF: What Are They and How Do They Work?},
	year=1998,
	url={http://www.garshol.priv.no/download/text/bnf.html},
	urldate={2016-02-18}
}


@online{GNU,
	title={Bison - GNU Project - Free Software Foundation},
	urldate={2016-02-19},
	url={https://www.gnu.org/software/bison/}
}


@unpublished{Yaccisdead,
	author={Might Matthew and David Darais},
	title={Yacc Is Dead},
	note         = {University Of Utah, Salt Lake City, Utah, USA.},
	year         = 2009
}

@incollection{ComplexityGLR,
  author      = {Johnson Mark},
  title       = {The Computational Complexity of GLR Parsing},
  editor      = {Masaru Tomita},
  booktitle   = {Generalized LR Parsing},
  publisher   = {Kluwer Academic},
  address     = {Boston},
  year        = {1991},
  chapter     = 3
}



@online{LinearBison,
	year=2015,
	urldate={2016-03-21},
	url = {http://www.gnu.org/software/bison/manual/html_node/Simple-GLR-Parsers.html}
}

