@book{Appel, 
	author={Appel, Andrew W},
	title ={Modern Compiler Implementation in ML},
	publisher{Cambridge UP},
	year=1998
}




@unpublished{Yacc is dead,
	author={Might, Matthew, and David Darais},
	title={Yacc Is Dead},
	note         = {University Of Utah, Salt Lake City, Utah, USA.},
	year         = 2009
}

@incollection{Complexity GLR,
  author      = {Johnson, Mark},
  title       = {The Computational Complexity of GLR Parsing},
  editor      = {Masaru Tomita},
  booktitle   = {Generalized LR Parsing},
  publisher   = {Kluwer Academic},
  address     = {Boston},
  year        = {1991},
  chapter     = 3
}


